<?xml version="1.0" encoding="UTF-8"?><record xmlns="http://www.loc.gov/MARC21/slim" xmlns:cinclude="http://apache.org/cocoon/include/1.0" xmlns:zs="http://www.loc.gov/zing/srw/">
  <leader>00477cz  a2200145n  4500</leader>
  <controlfield tag="001">no2003011686</controlfield>
  <controlfield tag="003">DLC</controlfield>
  <controlfield tag="005">20130322092117.0</controlfield>
  <controlfield tag="008">030206n| azannaab           |n aaa     c</controlfield>
  <datafield tag="010" ind1=" " ind2=" ">
    <subfield code="a">no2003011686</subfield>
  </datafield>
  <datafield tag="035" ind1=" " ind2=" ">
    <subfield code="a">(OCoLC)oca05967311</subfield>
  </datafield>
  <datafield tag="040" ind1=" " ind2=" ">
    <subfield code="a">PPi-MA</subfield>
    <subfield code="b">eng</subfield>
    <subfield code="e">rda</subfield>
    <subfield code="c">PPi-MA</subfield>
    <subfield code="d">DLC</subfield>
  </datafield>
  <datafield tag="100" ind1="1" ind2=" ">
    <subfield code="a">Rozynko, Vitali</subfield>
    <subfield code="c">(Baritone)</subfield>
  </datafield>
  <datafield tag="670" ind1=" " ind2=" ">
    <subfield code="a">Menotti, G.C. The saint of Bleecker Street [SR] p2002:</subfield>
    <subfield code="b">container (Vitali Rozynko, baritone) insert (b. U.S.)</subfield>
  </datafield>
  <datafield tag="675" ind1=" " ind2=" ">
    <subfield code="a">Int. ww in mus., 13th-17th eds.</subfield>
  </datafield>
</record>